<record><leader>00000cas a22000007a 4500</leader><controlfield tag="001">17237101</controlfield><controlfield tag="008">871214d18381839ohuwr ne      0    0eng d</controlfield><datafield ind1=" " ind2=" " tag="010"><subfield code="a">sn 87076884 </subfield></datafield><datafield ind1=" " ind2=" " tag="040"><subfield code="a">ONP</subfield><subfield code="b">eng</subfield><subfield code="c">ONP</subfield><subfield code="d">OCLCQ</subfield></datafield><datafield ind1=" " ind2=" " tag="042"><subfield code="a">msc</subfield></datafield><datafield ind1="0" ind2="4" tag="245"><subfield code="a">The Mad River Democrat and farmers' advocate.</subfield></datafield><datafield ind1="3" ind2="0" tag="246"><subfield code="a">Mad River Democrat &amp; advocate</subfield></datafield><datafield ind1=" " ind2=" " tag="260"><subfield code="a">Springfield, Clark Co. [Ohio] :</subfield><subfield code="b">J.H. Nickels</subfield></datafield><datafield ind1=" " ind2=" " tag="310"><subfield code="a">Weekly</subfield></datafield><datafield ind1="1" ind2=" " tag="362"><subfield code="a">Began in 1838; ceased in 1839?</subfield></datafield><datafield ind1=" " ind2=" " tag="500"><subfield code="a">Published as Mad River Democrat &amp; advocate, &lt;Sept. 26, 1939-Oct. 10, 1939&gt;.</subfield></datafield><datafield ind1=" " ind2=" " tag="588"><subfield code="a">Description based on: Vol. 1, no. 13 (Dec. 20, 1838).</subfield></datafield><datafield ind1=" " ind2=" " tag="752"><subfield code="a">United States</subfield><subfield code="b">Ohio</subfield><subfield code="c">Clark</subfield><subfield code="d">Springfield.</subfield></datafield></record>